<?xml version="1.0" encoding="UTF-8"?><collection xmlns="http://www.loc.gov/MARC21/slim"><record><leader>00668nam--2200229-u-4500</leader><controlfield tag="001">000051121</controlfield><controlfield tag="002">20161230</controlfield><controlfield tag="005">20161230201049</controlfield><controlfield tag="008">080520s1000------------r-----000-0-eng-d</controlfield><datafield ind1=" " ind2=" " tag="020"><subfield code="a">0-8218-3572-6</subfield></datafield><datafield ind1=" " ind2=" " tag="040"><subfield code="a">IFIN-HH</subfield></datafield><datafield ind1=" " ind2=" " tag="080"><subfield code="a">512</subfield></datafield><datafield ind1="1" ind2=" " tag="100"><subfield code="a">Huebschmann, Johannes</subfield></datafield><datafield ind1="1" ind2=" " tag="245"><subfield code="a">Kahler Spaces, Nilpotent Orbits, and Singular Reduction</subfield></datafield><datafield ind1=" " ind2=" " tag="260"><subfield code="a">Providence</subfield><subfield code="b">American Mathematical Society</subfield><subfield code="c">2004</subfield></datafield><datafield ind1=" " ind2=" " tag="300"><subfield code="a">96 p</subfield></datafield><datafield ind1=" " ind2=" " tag="490"><subfield code="a">Memoirs of the American Mathematical Society</subfield><subfield code="v">vol. 172 number 814</subfield></datafield><datafield ind1=" " ind2="4" tag="650"><subfield code="a">Poisson manifolds</subfield></datafield><datafield ind1=" " ind2=" " tag="650"><subfield code="a">Poisson algebrs</subfield></datafield><datafield ind1="1" ind2=" " tag="700"><subfield code="a">Johannes Huebschmann</subfield></datafield><datafield ind1=" " ind2=" " tag="852"><subfield code="a">81697</subfield><subfield code="c">512</subfield></datafield><datafield ind1=" " ind2=" " tag="CAT"><subfield code="a">Sys</subfield><subfield code="c">20080520</subfield><subfield code="h">142004</subfield></datafield></record></collection>